@inproceedings{huang2010mobile,
  title={Mobile music touch: mobile tactile stimulation for passive learning},
  author={Huang, Kevin and Starner, Thad and Do, Ellen and Weiberg, Gil and Kohlsdorf, Daniel and Ahlrichs, Claas and Leibrandt, Ruediger},
  booktitle={Proceedings of the SIGCHI Conference on Human Factors in Computing Systems},
  pages={791--800},
  year={2010},
  organization={ACM}
}

@inproceedings{huang2008pianotouch,
  title={PianoTouch: A wearable haptic piano instruction system for passive learning of piano skills},
  author={Huang, Kevin and Do, Ellen Yi-Luen and Starner, Thad},
  booktitle={Wearable Computers, 2008. ISWC 2008. 12th IEEE International Symposium on},
  pages={41--44},
  year={2008},
  organization={IEEE}
}

@article{metcalf2013markerless,
  title={Markerless motion capture and measurement of hand kinematics: validation and application to home-based upper limb rehabilitation},
  author={Metcalf, Cheryl D and Robinson, Ricky and Malpass, Adam J and Bogle, Tristan P and Dell, Thomas and Harris, Colin and Demain, Sara H and others},
  journal={Biomedical Engineering, IEEE Transactions on},
  volume={60},
  number={8},
  pages={2184--2192},
  year={2013},
  publisher={IEEE}
}

@inproceedings{o2013novel,
  title={Novel smart sensor glove for arthritis rehabiliation},
  author={O'Flynn, Brendan and Sanchez, Javier Torres and Angove, Philip and Connolly, James and Condell, Joan and Curran, Kevin and Gardiner, Philip},
  booktitle={Body Sensor Networks (BSN), 2013 IEEE International Conference on},
  pages={1--6},
  year={2013},
  organization={IEEE}
}

@article{kortier2014assessment,
  title={Assessment of hand kinematics using inertial and magnetic sensors},
  author={Kortier, Henk G and Sluiter, Victor I and Roetenberg, Daniel and Veltink, Peter H},
  journal={Journal of neuroengineering and rehabilitation},
  volume={11},
  number={1},
  pages={70},
  year={2014},
  publisher={BioMed Central Ltd}
}

@phdthesis{john2006advanced,
  title={Advanced Human Hand Model with Dynamic Constraints},
  author={John, Priscilla Kan},
  year={2006},
  school={The Australian National University}
}

@article{sturman1994survey,
  title={A survey of glove-based input},
  author={Sturman, David J and Zeltzer, David},
  journal={Computer Graphics and Applications, IEEE},
  volume={14},
  number={1},
  pages={30--39},
  year={1994},
  publisher={IEEE}
}


@article{dipietro2008survey,
  title={A survey of glove-based systems and their applications},
  author={Dipietro, Laura and Sabatini, Angelo M and Dario, Paolo},
  journal={Systems, Man, and Cybernetics, Part C: Applications and Reviews, IEEE Transactions on},
  volume={38},
  number={4},
  pages={461--482},
  year={2008},
  publisher={IEEE}
}

@article{dipietro2003evaluation,
  title={Evaluation of an instrumented glove for hand-movement acquisition},
  author={Dipietro, Laura and Sabatini, Angelo M and Dario, Paolo},
  journal={Journal of rehabilitation research and development},
  volume={40},
  number={2},
  pages={179--190},
  year={2003},
  publisher={REHIBILITATION RESEARCH \& DEVELOPMENT SERVICE}
}

@article{kortier2012ambulatory,
  title={Ambulatory assesment of hand kinematics: using an instrumented glove},
  author={Kortier, HG and Schepers, HM and Sluiter, VI and Veltink, PH},
  year={2012},
  publisher={Universita di Bologna}
}

@inproceedings{zecca2007development,
  title={On the development of the bioinstrumentation system WB-1R for the evaluation of human-robot interaction-Head and hands motion capture systems},
  author={Zecca, Massimiliano and Endo, Nobutsuna and Itoh, Kazuko and Imanishi, Kazutaka and Saito, Minoru and Nanba, Nobuhiro and Takanobu, Hideaki and Takanishi, Atsuo},
  booktitle={Advanced intelligent mechatronics, 2007 IEEE/ASME international conference on},
  pages={1--6},
  year={2007},
  organization={IEEE}
}

@article{supuk2008evaluation,
  title={Evaluation of hand grasping by instrumented glove},
  author={Supuk, Tamara and Bajd, Tadej and Zanchi, Vlasta},
  journal={WSEAS Trans Syst Control},
  volume={3},
  number={January (1)},
  year={2008}
}

@inproceedings{fang2014novel,
  title={A novel method for hand pose estimation based on inertial and magnetic sensors},
  author={Fang, Bin and Sun, Fuchun},
  booktitle={Multisensor Fusion and Information Integration for Intelligent Systems (MFI), 2014 International Conference on},
  pages={1--5},
  year={2014},
  organization={IEEE}
}

@inproceedings{yun2013accurate,
  title={Accurate, robust, and real-time estimation of finger pose with a motion capture system},
  author={Yun, Youngmok and Agarwal, Prabhakar and Deshpande, Ashish D},
  booktitle={Intelligent Robots and Systems (IROS), 2013 IEEE/RSJ International Conference on},
  pages={1626--1631},
  year={2013},
  organization={IEEE}
}

@article{hasan2014human,
  title={Human--computer interaction using vision-based hand gesture recognition systems: a survey},
  author={Hasan, Haitham and Abdul-Kareem, Sameem},
  journal={Neural Computing and Applications},
  volume={25},
  number={2},
  pages={251--261},
  year={2014},
  publisher={Springer}
}

@article{ma2011magnetic,
  title={Magnetic hand tracking for human-computer interface},
  author={Ma, Yinghong and Mao, Zhi-Hong and Jia, Wenyan and Li, Chengliu and Yang, Jiawei and Sun, Mingui},
  journal={Magnetics, IEEE Transactions on},
  volume={47},
  number={5},
  pages={970--973},
  year={2011},
  publisher={IEEE}
}

@article{ma2010magnetic,
  title={Magnetic hand motion tracking system for human-machine interaction},
  author={Ma, Yanru and Jia, Weihua and Li, Cong and Yang, Jian and Mao, Zhi-Hong and Sun, M},
  journal={Electronics letters},
  volume={46},
  number={9},
  pages={621--623},
  year={2010},
  publisher={IET}
}

@article{hashi2006wireless,
  title={Wireless magnetic motion capture system for multi-marker detection},
  author={Hashi, Shuichiro and Toyoda, Masaharu and Yabukami, Shin and Ishiyama, Kazushi and Okazaki, Yasuo and Arai, Ken Ichi},
  journal={Magnetics, IEEE Transactions on},
  volume={42},
  number={10},
  pages={3279--3281},
  year={2006},
  publisher={IEEE}
}

@inproceedings{ekvall2005grasp,
  title={Grasp recognition for programming by demonstration},
  author={Ekvall, Staffan and Kragi{\'c}, Danica},
  booktitle={Robotics and Automation, 2005. ICRA 2005. Proceedings of the 2005 IEEE International Conference on},
  pages={748--753},
  year={2005},
  organization={IEEE}
}

@misc{Digits,
  title = {Intuitive UIs Featured During UIST 2012},
  author={Chang, Kim, Hilliges}
  howpublished = {\url{http://research.microsoft.com/en-us/news/features/uist2012-100812.aspx}},
  note = {Accessed: 2016-01-02}
}

@article{Wang:2009:RTH,
	title={{Real-time hand-tracking with a color glove}},
	author={Robert Y. Wang and Jovan Popovi{\'c}},
	journal={ACM Transactions on Graphics},
	volume={28},
	number={3},
	year={2009}
}

@article{sturman1994survey,
  title={A survey of glove-based input},
  author={Sturman, David J and Zeltzer, David},
  journal={Computer Graphics and Applications, IEEE},
  volume={14},
  number={1},
  pages={30--39},
  year={1994},
  publisher={IEEE}
}

@misc{zimmerman1985optical,
  title={Optical flex sensor},
  author={Zimmerman, Thomas G},
  year={1985},
  month=sep # "~17",
  publisher={Google Patents},
  note={US Patent 4,542,291}
}

@inproceedings{wilhelm2015ering,
  title={eRing: multiple finger gesture recognition with one ring using an electric field},
  author={Wilhelm, Mathias and Krakowczyk, Daniel and Trollmann, Frank and Albayrak, Sahin},
  booktitle={Proceedings of the 2nd international Workshop on Sensor-based Activity Recognition and Interaction},
  pages={7},
  year={2015},
  organization={ACM}
}

@misc{FifthDimension,
  title = {Fifth Dimension Technologies - 5DT},
  howpublished = {\url{http://www.5dt.com/products/pdataglove14.html}},
  note = {Accessed: 2016-01-03}
}

@misc{Gloreha,
	title = {Gloreha, Italy},
	howpublished = {\url{http://www.gloreha.com}},
	note = {Accessed: 2016-01-03}
}

@inproceedings{sharp2015accurate,
  title={Accurate, Robust, and Flexible Real-time Hand Tracking},
  author={Sharp, Toby and Keskin, Cem and Robertson, Duncan and Taylor, Jonathan and Shotton, Jamie and Leichter, David Kim Christoph Rhemann Ido and Wei, Alon Vinnikov Yichen and Krupka, Daniel Freedman Pushmeet Kohli Eyal and Fitzgibbon, Andrew and Izadi, Shahram},
  booktitle={Proc. CHI},
  volume={8},
  year={2015}
}

@article{ionescu2005dynamic,
  title={Dynamic hand gesture recognition using the skeleton of the hand},
  author={Ionescu, Bogdan and Coquin, Didier and Lambert, Patrick and Buzuloiu, Vasile},
  journal={EURASIP Journal on Applied Signal Processing},
  volume={2005},
  pages={2101--2109},
  year={2005},
  publisher={Hindawi Publishing Corp.}
}


@article{zhang2011framework,
  title={A framework for hand gesture recognition based on accelerometer and EMG sensors},
  author={Zhang, Xu and Chen, Xiang and Li, Yun and Lantz, Vuokko and Wang, Kongqiao and Yang, Jihai},
  journal={Systems, Man and Cybernetics, Part A: Systems and Humans, IEEE Transactions on},
  volume={41},
  number={6},
  pages={1064--1076},
  year={2011},
  publisher={IEEE}
}


@article{metcalf2008validation,
  title={Validation and application of a computational model for wrist and hand movements using surface markers},
  author={Metcalf, Cheryl D and Notley, Scott V and Chappell, Paul H and Burridge, Jane H and Yule, Victoria T},
  journal={Biomedical Engineering, IEEE Transactions on},
  volume={55},
  number={3},
  pages={1199--1210},
  year={2008},
  publisher={IEEE}
}



