
@mastersthesis{Liu09,
    author    = "Liu, Jun ",
    title     = "Evaluations for Long-term Activity Detection by Fusing RFID and Acceleration Data",
    school    = "TU Darmstadt",
    type     = "Master Thesis",
    year      = "2009",
}

@article{Phi04,
    author    = "Philipose, Matthai and Fishkin, Kenneth P.  and Perkowitz, Mike  and Patterson, Donald J.  and Fox, Dieter  and Kautz, Henry  and H{\"a}hnel,Dirk ",
    title     = "Inferring Activities from Interactions with Objects",
    journal   = "IEEE Pervasive Computing",
    volume    = "3",
		number 	  = "4",
    pages =     {50-57},
    year      = "2004",
}

@inproceedings{sch00,
  author    = {Albrecht Schmidt and
               Hans{-}Werner Gellersen and
               Christian Merz},
  title     = {Enabling Implicit Human Computer Interaction: {A} Wearable RFID-Tag
               Reader},
  booktitle = {Proceedings of the Fourth International Symposium on Wearable Computers {(ISWC})},
  pages     = {193--194},
  year      = {2000},
}





@inproceedings{pat05,
  author    = {Patterson, Donald J.  and
               Fox, Dieter  and
               Kautz, Henry A.  and
               Philipose, Matthai },
  title     = {Fine-Grained Activity Recognition by Aggregating Abstract Object Usage},
  booktitle = {Ninth {IEEE} International Symposium on Wearable Computers {(ISWC}},
  pages     = {44--51},
  year      = {2005},
}

@inproceedings{fis05,
  author    = {Fishkin, Kenneth P.  and
               Philipose, Matthai  and
               Rea, Adam D. },
  title     = {Hands-On {RFID:} Wireless Wearables for Detecting Use of Objects},
  booktitle = {Ninth {IEEE} International Symposium on Wearable Computers {(ISWC}},
  pages     = {38--43},
  year      = {2005},
  
},


@inproceedings {ber10,
	title = {Coming to Grips with the Objects We Grasp: Detecting Interactions with Efficient Wrist-Worn Sensors},
	booktitle = {International Conference on Tangible and Embedded Interaction (TEI)},
	year = {2010},
	pages = {57-64},
	author = {Berlin, Eugen and Liu, Jun and Van Laerhoven, Kristof and Schiele, Bernt}
},

@inproceedings{wol15,
  author    = {Wolf, Katrin  and
               Willaredt, Jonas },
  title     = {PickRing: seamless interaction through pick-up detection},
  booktitle = {Proceedings of the 6th Augmented Human International Conference},
  pages     = {13-20},
  year      = {2015},
},

@article{Bul14,
 author = {Bulling, Andreas and Blanke, Ulf and Schiele, Bernt},
 title = {A Tutorial on Human Activity Recognition Using Body-worn Inertial Sensors},
 journal = {ACM Computing Surveys},
 volume = {46},
 number = {3},
 year = {2014},
} 

@inproceedings{kim08,
 author = {Kim, Jonghwa and Mastnik, Stephan and Andr{\'e}, Elisabeth},
 title = {EMG-based Hand Gesture Recognition for Realtime Biosignal Interfacing},
 booktitle = {Proceedings of the 13th International Conference on Intelligent User Interfaces},
 year = {2008},
 pages = {30-39},
} 

@inproceedings{Xio11,
 author = {Xiong, Anbin and Chen, Yang and Zhao, Xingang and Han, Jianda and Liu, Guangjun },
 title = {A novel HCI based on EMG and IMU},
 booktitle = {IEEE International Conference on Robotics and Biomimetics (ROBIO)},
 year = {2011},
 pages = {2653-2657},
} 


@mastersthesis{for13,
    author    = "Forbes, Timothy ",
    title     = "Mouse HCI Through Combined EMG and IMU",
    school    = "University of Rhode Island",
    type     = "Master Thesis",
    year      = "2013",
}

@inproceedings{haq15,
 author = {Haque, Faizan and Nancel, Mathieu and Vogel, Daniel},
 title = {Myopoint: Pointing and Clicking Using Forearm Mounted Electromyography and Inertial Motion Sensors},
 booktitle = {Proceedings of the 33rd Annual ACM Conference on Human Factors in Computing Systems},
 year = {2015},
 pages = {3653-3656},
} 

@inproceedings{ekv05,
 author = {Ekvall, Staffan and  Danica, Kragi\'{c}},
 title = {Grasp Recognition for Programming by Demonstration},
 booktitle = {IEEE International Conference on Robotics and Automation},
 year = {2005},
 pages = {748 - 753},
} 

@incollection{hei09,
year={2009},
booktitle={Universal Access in Human-Computer Interaction. Intelligent and Ubiquitous Interaction Environments},
volume={5615},
title={A Hybrid Approach for Recognizing ADLs and Care Activities Using Inertial Sensors and RFID},
author={Hein, Albert and Kirste, Thomas},
pages={178-188},
}

@article{mcg96,
title = "Appropriately placed surface EMG electrodes reflect deep muscle activity (psoas, quadratus lumborum, abdominal wall) in the lumbar spine ",
journal = "Journal of Biomechanics ",
volume = "29",
number = "11",
pages = "1503 - 1507",
year = "1996",
author = "McGill, Stuart  and Juker, Daniel  and Kropf, Peter ",
}

@article{kos12,
title = "Identification of surface and deep layer muscles activity by surface EMG",
journal = "Proceedings of SICE Annual Conference (SICE)",
pages = "1816 - 1821",
year = "2012",
author = "Koshio, Toshiki and Sakurazawa, Shigeru and Toda, Masashi and Akita, Junichi and Kondo, Kazuaki and Nakamura, Yuichi",
}

@inproceedings{mul76,
title = "Energy per logic operation in integrated circuits: definition and determination",
journal = "IEEE Journal of Solid-State Circuits",
pages = "657-661",
year = "1976",
volume = {11},
number = {5},
author = "M{\"u}ller, R{\"u}diger and Pfleiderer, Hans-J{\"o}rg and Stein, Karl-Ulrich",
}

@inproceedings{you13,
title = "A Low-Power Wireless Multi-Channel Surface EMG Sensor with Simplified ADPCM Data Compression",
journal = "IEEE International Symposium on Circuits and Systems (ISCAS)",
pages = "2287-2290",
year = "2013",
author = "Yousefian, Alireza and Roy, Sebastian and Gosselin, Benoit",
}

@booklet{kon05,
    author   = "Konrad, Peter",
    title     = "EMG-FIBEL: Eine praxisorientierte Einf{\"u}hrung in die kinesiologische Elektromyographie",
    year      = "2005",
}


@article{wan06,
 author = {Want, Roy},
 title = {An Introduction to RFID Technology},
 journal = {IEEE Pervasive Computing},
 volume = {5},
 number = {1},
 year = {2006},
 pages = {25-33},
},

@article{gom12,
 author = {Gomez, Charles and Oller, Joaquim and Paradells, Josep},
 title = {Overview and Evaluation of Bluetooth Low Energy: An Emerging Low-Power Wireless Technology},
 journal = {Sensors},
 volume = {12},
 number = {9},
 year = {2012},
 pages = {11734-11753},
},

@misc{kit12,
    author    = "Schultz, Tanja and Wand, Michael",
    title     = "Biosignale und Benutzerschnittstellen, Biosignal: Muskelaktivit{\"a}t Entstehung, Messung (EMG), Anwendungen",
    howpublished = "Lecture Notes",
    year     = "2012/2013"
},

@article{tay55,
    author = {Taylor, Craig  and Schwarz, Robert },
    journal = {Artificial limbs},
    number = {2},
    pages = {22--35},
    title = {The Anatomy and Mechanics of the Human Hand},
    volume = {2},
    year = {1955}
},

@book{Sch19,
    address = {Berlin},
    author = {Schlesinger, Georg},
    title = {Der Mechanische Aufbau der K\"unstlichen Glieder},
    year = {1919}
},

@INPROCEEDINGS{Nap56,
    author = {Napier, John},
    journal = {The Journal of Bone & Joint Surgery (British Volume)},
    number = {4},
    pages = {902--913},
    title = {The Prehensile Movements of the Human Hand},
    volume = {38-B},
    year = {1956}
},
@INPROCEEDINGS{Cut86,
    author = {Cutkosky, Mark and Wright, Paul},
    journal = {1986 IEEE International Conference on Robotics and Automation},
    pages = {1533--1539},
    title = {Modeling Manufacturing Grips and Correlations With the Design of Robotic Hands},
    volume = {3},
    year = {1986}
},

@INPROCEEDINGS{Cut89,
    author = {Cutkosky, Mark},
    journal = {IEEE Transactions on Robotics and Automation},
    number = {3},
    pages = {269--279},
    title = {On Grasp Choice, Grasp Models, and the Design of Hands for Manufacturing Tasks},
    volume = {5},
    year = {1989}
},

@article{Cut90,
    author = {Cutkosky, Mark and Howe, Robert},
		journal= {Dextrous Robot Hands},
    pages = {5--31},
    title = {{Human grasp choice and robotic grasp analysis}},
    year = {1990}
},

@INPROCEEDINGS{Fei15,
    author = {Feix, Thomas and Pawlik, Roland and Schmiedmayer, Heinz-Bodo and Romero, Javier and Kragi\'{c}, Danica},
    journal = {IEEE Transactions on Human-Machine Systems},
    pages = {1 - 12},
    title = {The GRASP Taxonomy of Human Grasp Types},
    year = {2015}
},

@inproceedings{Fei09,
  author = {Feix, Thomas and Romero, Javier and Schmiedmayer, Heinz-Bodo and Dollar, Aaron and Kragi\'{c}, Danica},
  booktitle = {Robotics, Science and Systems: Workshop on Understanding the Human Hand for Advancing Robotic Manipulation},
  title = {A Comprehensive Grasp Taxonomy},
  year = {2009}
}

@inproceedings{mae12,
  author    = {Takuya Maekawa and Yasue Kishino and Yutaka Yanagisawa and Yasushi Sakurai},
  title     = {Pervasive Computing and Communications Workshops (PERCOM Workshops), 2012 IEEE International Conference on},
  year      = {2012},
  pages     = {510 - 512},
  }

@inproceedings{Fel05,
 author = {Feldman, Assaf and Tapia, Emmanuel Munguia and Sadi, Sajid and Maes, Pattie and Schmandt, Chris},
 title = {ReachMedia: On-the-move Interaction with Everyday Objects},
 booktitle = {Proceedings of the Ninth IEEE International Symposium on Wearable Computers},
 year = {2005},
 pages = {52--59},
 publisher = {IEEE Computer Society},
},


@inproceedings{Tav14,
 author = {Tavakolizadeh, Farshid and Gu, Jiawei and Saket, Bahador},
 title = {Traceband: Locating Missing Items by Visual Remembrance},
 booktitle = {Proceedings of the Adjunct Publication of the 27th Annual ACM Symposium on User Interface Software and Technology},
 year = {2014},
 pages = {109--110},
 publisher = {ACM},
},


@inproceedings{Mae10,
year={2010},
booktitle={Pervasive Computing},
volume={6030},
title={Object-Based Activity Recognition with Heterogeneous Sensors on Wrist},
publisher={Springer Berlin Heidelberg},
author={Maekawa, Takuya and Yanagisawa, Yutaka and Kishino, Yasue and Ishiguro, Katsuhiko and Kamei, Koji and Sakurai, Yasushi and Okadome, Takeshi},
pages={246-264},
},


@inproceedings{ahm06,
    author = {Ahmad, Farooq  and Musilek, Petr }, 
    title = {A Keystroke and Pointer Control Input Interface for Wearable Computers}, 
    booktitle = {Fourth Annual IEEE International Conference on Pervasive Computing and Communications},
    year = {2006}, 
    pages = {2-11}
},

@phdthesis{gro15,
            year = {2015},
           title = {Capacitive Sensing and Communication for Ubiquitous Interaction and Environmental Perception},
           month = {May},
          author = {Tobias Grosse-Puppendahl},
          school = {TU Darmstadt},
        keywords = {capacitive sensing, capacitive sensors, capacitive communication},
             
			 publisher = {TU Darmstadt, Germany},
},

@incollection{gro12,
year={2012},
booktitle={Ambient Intelligence},
volume={7683},
title={Enhancing Accelerometer-Based Activity Recognition with Capacitive Proximity Sensing},
publisher={Springer Berlin Heidelberg},
author={Grosse-Puppendahl, Tobias and Berlin, Eugen and Borazio, Marko},
pages={17-32},
},

@inproceedings{amf06,
    title = {Sensing Muscle Activities with Body-Worn Sensors},
    author={Oliver Amft and Holger Junker and Paul Lukowicz and Gerhard Troester and Corina Schuster},
    booktitle = {BSN 2006: Proceedings of the International Workshop on Wearable and Implantable Body Sensor Networks},
    publisher = {IEEE press}
    },
    

@article{Lat94,
	Author = {Latwesen, A. and Patterson, P. E.},
	Booktitle = {Medical Engineering and Physics},
	Journal = {Medical Engineering and Physics},
	Number = {2},
	Pages = {113--121},
	Title = {Identification of lower arm motions using the EMG signals of shoulder muscles},
	year = {1994},
	Volume = {16},
}